% www.bibtex.com
% NOTE: it is better to refer to each entry as <author><year>

@misc{fado,
  title         = "{FAdo} v1.3.5.1",
  author        = {
                    Reis, Rogério
                    and Moreira, Nelma
                  },
  howpublished  = "\url{https://fado.dcc.fc.up.pt}",
  year          = 2018,
  month         = 1
}

@misc{grep.app,
  title         = {grep.app},
  howpublished  = "\url{https://grep.app}",
  note          = {Search across a half million git repos}
}

@misc{lark,
  title         = "Lark",
  author        = "Erez Shinan",
  howpublished  = "\url{https://github.com/lark-parser/lark}"
}

@manual{lark-docs,
  title   = "Parsers - Lark documentation",
  author  = "Erez Shinan",
  note    = "Accessed on February 8, 2022"
}

@misc{regexp-tree,
  title         = "{RegExp Tree}",
  author        = "Dmitry Soshnikov",
  howpublished  = "\url{https://github.com/DmitrySoshnikov/regexp-tree}"
}

@article{cata-backtrack,
  author  = {
              Berglund, Martin
              and Drewes, Frank
              and Van Der Merwe, Brink
            },
  year    = 2014,
  month   = 5,
  pages   = {109--123},
  title   = {Analyzing Catastrophic Backtracking Behavior in Practical Regular Expression Matching},
  volume  = {151},
  journal = {Electronic Proceedings in Theoretical Computer Science},
  doi     = {10.4204/EPTCS.151.7}
}

@misc{cox,
  title         = "Regular Expression Matching Can Be Simple And Fast",
  author        = "Russ Cox",
  howpublished  = "\url{https://swtch.com/~rsc/regexp/regexp1.html}",
  year          = 2007,
  month         = 1
}

@article{pairgen,
  author  = {
              Zheng, Lixiao
              and Ma, Shuai
              and Wang, Yuanyang
              and Lin, Gang
            },
  year    = 2019,
  month   = 1,
  pages   = {41-65},
  title   = "String Generation for Testing Regular Expressions",
  volume  = {63},
  journal = {The Computer Journal},
  doi     = {10.1093/comjnl/bxy137}
}

@article{nfa-enum,
  title   = {Efficient enumeration of words in regular languages},
  journal = {Theoretical Computer Science},
  volume  = {410},
  number  = {37},
  pages   = {3461-3470},
  year    = {2009},
  doi     = {10.1016/j.tcs.2009.03.018},
  author  = {
              Ackerman, Margareta
              and Shallit, Jeffrey
            },
}

@article{Antimirov,
  title   = {Partial derivatives of regular expressions and finite automaton constructions},
  journal = {Theoretical Computer Science},
  volume  = 155,
  number  = 2,
  pages   = {291-319},
  year    = 1996,
  doi     = {10.1016/0304-3975(95)00182-4},
  author  = {Antimirov, Valentin},
}

@inproceedings{pddag,
  author    = {
                Konstantinidis, Stavros
                and Machiavelo, Ant\'{o}nio
                and Moreira, Nelma
                and Reis, Rog\'{e}rio
              },
  year      = 2021,
  month     = 1,
  pages     = {100-112},
  title     = {Partial Derivative Automaton by Compressing Regular Expressions},
  booktitle = "Descriptional Complexity of Formal Systems",
  doi       = {10.1007/978-3-030-93489-7_9},
  editor    = {
                Han, Yo-Sub
                and Ko, Sang-Ki
              },
  publisher = "Springer International Publishing"
}

@article{follow,
  title   = {Follow automata},
  journal = {Information and Computation},
  volume  = 186,
  number  = 1,
  pages   = {140-162},
  year    = 2003,
  doi     = {10.1016/S0890-5401(03)00090-7},
  author  = {
              Ilie, Lucian
              and Yu, Sheng
            }
}

@article{alphabet-invariant,
  author  = {
              Konstantinidis, Stavros
              and Moreira, Nelma
              and Reis, Rogério
              and Young, Joshua
            },
  year    = 2020,
  month   = 12,
  pages   = {1-37},
  title   = {Regular Expressions and Transducers Over Alphabet-Invariant and User-Defined Labels},
  volume  = 31,
  journal = {International Journal of Foundations of Computer Science},
  doi     = {10.1142/S0129054120420010}
}

@inproceedings{graphviz,
  author    = {
                Ellson, John
                and Gansner, Emden
                and Koutsofios, Eleftherios
                and North, Stephen
                and Woodhull, Gordon
              },
  title     = {Graphviz and dynagraph – static and dynamic graph drawing tools},
  booktitle = {Graph Drawing Software},
  year      = 2004,
  month     = 1,
  pages     = {127--148},
  publisher = {Springer-Verlag Berlin Heidelberg},
  doi       = {10.1007/978-3-642-18638-7_6}
}

@incollection{glushkov-yu,
  author    = {Sheng Yu},
  editor    = {
                Rozenberg, Grzegorz
                and Salomaa, Arto
              },
  title     = {Regular Languages},
  booktitle = {Handbook of Formal Languages, Volume 1: Word, Language, Grammar},
  pages     = {41--110},
  publisher = {Springer},
  year      = {1997},
  doi       = {10.1007/978-3-642-59136-5\_2}
}

@article{position,
  author  = {
              McNaughton, Robert
              and Yamada, Hisao
            },
  journal = {IRE Transactions on Electronic Computers},
  title   = {Regular Expressions and State Graphs for Automata},
  year    = 1960,
  volume  = {EC-9},
  number  = 1,
  pages   = {39-47},
  doi     = {10.1109/TEC.1960.5221603}
}

@article{formal-regexps,
  author  = {
              C\^ampeanu, Cezar
              and Salomaa, Kai
              and Yu, Sheng
            },
  journal = {International Journal of Foundations of Computer Science},
  title   = {A Formal Study of Practical Regular Expressions},
  volume  = 14,
  year    = 2003,
  pages   = {1007-1018},
  number  = 6
}

@article{brzozowski1964,
  author  = {Brzozowski, Janusz},
  title   = {Derivatives of Regular Expressions},
  pages   = {481-494},
  year    = 1964,
  journal = {Journal of the ACM},
  volume  = 11,
  number  = 1,
  doi     = {10.1145/321239.321249}
}

@article{mirkin66,
  author  = {B. G. Mirkin},
  journal = {Eng. Cybernetics},
  pages   = {51---57},
  title   = {An Algorithm for Constructing a base in a Language of Regular Expressions},
  volume  = 5,
  year    = 1966
}

@inproceedings{pairwise,
  author  = {Czerwonka, Jacek},
  year    = {2008},
  month   = {07},
  title   = {Pairwise Testing in Real World Practical Extensions to Test Case Generators}
}

% https://pypi.org/project/dill/
@inproceedings{dill,
  title         = {Building a framework for predictive science},
  author        = {
                    McKerns, Michael
                    and Strand, Leif
                    and Sullivan, Tim
                    and Fang, Alta
                    and Aivazis, Michael
                  },
  year          = 2011,
  booktitle     = {10th Python in Science Conference},
  howpublished  = "\url{http://arxiv.org/pdf/1202.1056}"
}
